2025-01-01 Get money
    assets:cash                              500 BDT
	income:gifts                            -500 BDT

2025-01-01 Salary
	assets:bank                              30000 BDT
	income:salary                           -30000 BDT

2025-01-02 Buy groceries
	expenses:groceries                       1500 BDT
	assets:cash                             -1500 BDT

2025-01-03 Pay rent
	expenses:rent                            10000 BDT
	assets:bank                             -10000 BDT

2025-01-04 Freelance project
	assets:bank                              8000 BDT
	income:freelance                        -8000 BDT


2025-01-05 Get chanda
    assets:cash                              500 BDT
    income:misc                              -500 BDT

2025-01-06 Desh netar bhag
    assets:cash                              -50 BDT
    expenses:desh neta                       50 BDT

2025-02-08 Hagu korar fee
    assets:cash                              -10 BDT
    expenses:healt                           10 BDT

2025-09-02 Salary
    assets:bank          50 BDT
    income:misc          -50.00 BDT
